@misc{
	site1,
	author = "Paul Rubens",
	title = "Web Application Security: Are You Doing Enough?",
	howpublished = "\url{http://www.enterprisenetworkingplanet.com/netsecur/article.php/3885381/Web-Application-Security-Are-You-Doing-Enough.htm}",
	year = {2010}, 
	note = "[Online; accessed 30-August-2010]"
},

@misc{
	site2,
	author = "Janvic Mateo (The Philippine Star)",
	title = "Gov’t sites hacked over ‘pork’ scam",
	howpublished = "\url{http://www.philstar.com/headlines/2013/08/27/1138331/govt-sites-hacked-over-pork-scam}",
	year = {2013}, 
	note = "[Online; accessed 30-August-2010]"
},

@misc{
	site3,
	author = "",
	title = "IronWASP v0.9.6.0 with False-Positive and False-Negative Detection Support",
	howpublished = "\url{http://blog.ironwasp.org/2013/05/ironwasp-v0960-with-false-positive-and.html}",
	year = {2013}, 
	note = "[Online; accessed 02-October-2013]"
},

@misc{
	site4,
	author = "",
	title = "Definition of a Security Vulnerability",
	howpublished = "\url{http://technet.microsoft.com/en-us/library/cc751383.aspx}",
	year = {2013}, 
	note = "[Online; accessed 02-October-2013]"
},

@ONLINE{site01,
	title = {OWASP - Open Web Application Security Project},
	url = {https://www.owasp.org/}
},

@ARTICLE{site02,
	title = {A Systematic Analysis of XSS Sanitization in Web Application Frameworks},
	author = {Weinberger, J. and  Saxena, P. and Akhawe, D. and Finifter, M. and Shin, R. and Song, D.g}
},

@ARTICLE{site03,
	title = {A Classification of SQL Injection Attacks and Countermeasures},
	author = {Halfond, W. and Viegas, J. and Orso, A.}
},

@ONLINE{site04,
	title = {Static Code Analysis | Checkmarx},
	url = {http://www.checkmarx.com/technology/static-code-analysis-sca/}
},

@ARTICLE{site5,
	title = {Static Code Analysis (SCA) Standardization Efforts & Integration in the Software Development Flow },
	author = {}
},

@ONLINE{site6,
	title = {RIPS},
	url = {http://sourceforge.net/projects/rips-scanner/}
},

@UNPUBLISHED{site7,
	title = {RIPS - A static source code analyser for vulnerabilities in PHP scripts},
	author = {Dahse, Johannes},
	institution = {NDS Seminar}
},

@ARTICLE{site8,
	title = {Software Testing Methods and Techniques},
	author = {Jovanović, Irena}
},

@ONLINE{site9,
	title = {PC Magazine Encyclopedia},
	url = {http://www.pcmag.com/encyclopedia/term/57517/gray-box-testing}
},

@ONLINE{site10,
	title = {About | IronWASP},
	url = {https://ironwasp.org/about.html}
},

@ONLINE{site11,
	title = {Netsparker Community Edition},
	url = {https://www.mavitunasecurity.com/communityedition/}
},

@ONLINE{site12,
	title = {Netsparker Product Page},
	url = {https://www.mavitunasecurity.com/netsparker/}
},

@ONLINE {site13,
	title = {Subgraph Vega},
	url = {http://www.subgraph.com/products.html}
},

@ONLINE {site14,
	title = {OWASP Zed Attack Proxy Project},
	url = {https://www.owasp.org/index.php/ZAP}
}



